<?xml version="1.0" encoding="UTF-8"?>
<record xmlns="http://www.loc.gov/MARC21/slim" xmlns:xsi="http://www.w3.org/2001/XMLSchema-instance" xsi:schemaLocation="http://www.loc.gov/MARC21/slim http://www.loc.gov/standards/marcxml/schema/MARC21slim.xsd">
<leader>00000cam a22      a 4500</leader>
<controlfield tag="001">000397895</controlfield>
<controlfield tag="003">NNU</controlfield>
<controlfield tag="005">20160801155557.0</controlfield>
<controlfield tag="008">061003m19511954le            000 1 ara d</controlfield>
<datafield tag="035" ind1=" " ind2=" ">
<subfield code="a">(OCoLC)475049614</subfield>
</datafield>
<datafield tag="040" ind1=" " ind2=" ">
<subfield code="a">UkDhU</subfield>
<subfield code="b">eng</subfield>
<subfield code="c">N15</subfield>
<subfield code="d">OCLCF</subfield>
<subfield code="d">OCLCO</subfield>
<subfield code="d">OCLCQ</subfield>
<subfield code="d">NNU</subfield>
</datafield>
<datafield tag="050" ind1=" " ind2="4">
<subfield code="a">PJ7745</subfield>
<subfield code="b">.I15 1951</subfield>
</datafield>
<datafield tag="100" ind1="1" ind2=" ">
<subfield code="6">880-01</subfield>
<subfield code="a">Ibn ʻAbd Rabbih, Aḥmad ibn Muḥammad,</subfield>
<subfield code="d">860-940.</subfield>
</datafield>
<datafield tag="245" ind1="1" ind2="3">
<subfield code="6">880-02</subfield>
<subfield code="a">al-ʻIqd al-farīd.</subfield>
</datafield>
<datafield tag="260" ind1=" " ind2=" ">
<subfield code="6">880-03</subfield>
<subfield code="a">Beirut :</subfield>
<subfield code="b">Maktabat Ṣādir,</subfield>
<subfield code="c">1951-1954.</subfield>
</datafield>
<datafield tag="300" ind1=" " ind2=" ">
<subfield code="a">31 volumes in 8 ;</subfield>
<subfield code="c">25 cm</subfield>
</datafield>
<datafield tag="336" ind1=" " ind2=" ">
<subfield code="a">text</subfield>
<subfield code="b">txt</subfield>
<subfield code="2">rdacontent</subfield>
</datafield>
<datafield tag="337" ind1=" " ind2=" ">
<subfield code="a">unmediated</subfield>
<subfield code="b">n</subfield>
<subfield code="2">rdamedia</subfield>
</datafield>
<datafield tag="338" ind1=" " ind2=" ">
<subfield code="a">volume</subfield>
<subfield code="b">nc</subfield>
<subfield code="2">rdacarrier</subfield>
</datafield>
<datafield tag="500" ind1=" " ind2=" ">
<subfield code="a">Edited by Karam al-Bustānī.</subfield>
</datafield>
<datafield tag="505" ind1="0" ind2=" ">
<subfield code="a">[V. 1] al-Sulṭān wa-ʻadl sāʻah -- Taḥta ẓilāl al-qanā -- al-Aydī al-sakhīyah -- Wufūd al-ʻarab. [v. 2] Mukhātabat al-mulūk -- Abnāʼ al-nūr. [v. 3] Amthāl al-ʻarab -- Siḥr al-bayān -- Dumūʻ al-akhwān -- Ansāb al-ʻarab.[v. 4] Min khiyam al-ʻarab -- Fayḍ al-khawāṭir -- Adab al-manābir -- al-Kitābah wa-al-kitāb. [v. 5] Akhbār al-khulafāʼ -- Umarāʼ al-muslimīn. [v. 6] Ayyām al-ʻarab -- Ṭaraʼif al-shuʻarāʼ.[v. 7] al-Aʻāriḍ wa-al-qawāfī -- al-Ghināʼ wa-al-mughannūn -- Akhbār al-nisāʼ -- al-Majānīn wa-al-bukhalāʼ wa-al-tufaylīyūn.[v. 8] Ṭabāʼiʻ al-insān wa-al-ḥayawān -- al-Ṭaʻām wa-al-sharāb -- Fukāhāt wa-mulaḥ.</subfield>
</datafield>
<datafield tag="650" ind1=" " ind2="0">
<subfield code="a">Arabic literature.</subfield>
</datafield>
<datafield tag="650" ind1=" " ind2="7">
<subfield code="a">Arabic literature.</subfield>
<subfield code="2">fast</subfield>
<subfield code="0">(OCoLC)fst00812478</subfield>
</datafield>
<datafield tag="880" ind1="1" ind2=" ">
<subfield code="6">100-01/</subfield>
<subfield code="a">‏ابن عبد ربه، أحمد بن محمد،</subfield>
<subfield code="d">860-940.</subfield>
</datafield>
<datafield tag="880" ind1="1" ind2="2">
<subfield code="6">245-02/</subfield>
<subfield code="a">العقد الفريد.</subfield>
</datafield>
<datafield tag="880" ind1=" " ind2=" ">
<subfield code="6">260-03/</subfield>
<subfield code="a">بيروت :</subfield>
<subfield code="b">مكتبة صادر،</subfield>
<subfield code="c">1951-1954.</subfield>
</datafield>
<datafield tag="OWN" ind1=" " ind2=" ">
<subfield code="a">GENERAL</subfield>
</datafield>
<datafield tag="AVA" ind1=" " ind2=" ">
<subfield code="a">NYU50</subfield>
<subfield code="b">BOBST</subfield>
<subfield code="c">Main Collection</subfield>
<subfield code="d">PJ7745.I15 I5</subfield>
<subfield code="e">unavailable</subfield>
<subfield code="t">Unavailable</subfield>
<subfield code="f">8</subfield>
<subfield code="g">8</subfield>
<subfield code="h">Y</subfield>
<subfield code="i">4</subfield>
<subfield code="j">MAIN</subfield>
<subfield code="k">0</subfield>
</datafield>
</record>
